@inproceedings{lee2013local,
  title={Local Low-Rank Matrix Approximation},
  author={Lee, Joonseok and Kim, Seungyeon and Lebanon, Guy and Singer, Yoram},
  booktitle={Proceedings of the 30th International Conference on Machine Learning (ICML-13)},
  pages={82--90},
  year={2013}
}

@inproceedings{paterek2007improving,
  title={Improving regularized singular value decomposition for collaborative filtering},
  author={Paterek, Arkadiusz},
  booktitle={Proceedings of KDD cup and workshop},
  volume={2007},
  pages={5--8},
  year={2007}
}

@article{koren2009matrix,
  title={Matrix factorization techniques for recommender systems},
  author={Koren, Yehuda and Bell, Robert and Volinsky, Chris},
  journal={Computer},
  volume={42},
  number={8},
  pages={30--37},
  year={2009},
  publisher={IEEE}
}

@inproceedings{billsus1998learning,
  title={Learning Collaborative Information Filters.},
  author={Billsus, Daniel and Pazzani, Michael J},
  booktitle={ICML},
  volume={98},
  pages={46--54},
  year={1998}
}

@incollection{zhou2008large,
  title={Large-scale parallel collaborative filtering for the netflix prize},
  author={Zhou, Yunhong and Wilkinson, Dennis and Schreiber, Robert and Pan, Rong},
  booktitle={Algorithmic Aspects in Information and Management},
  pages={337--348},
  year={2008},
  publisher={Springer}
}

@article{mackey2011divide,
  title={Divide-and-conquer matrix factorization},
  author={Mackey, Lester and Talwalkar, Ameet and Jordan, Michael I},
  journal={arXiv preprint arXiv:1107.0789},
  year={2011}
}

@inproceedings{gemulla2011large,
  title={Large-scale matrix factorization with distributed stochastic gradient descent},
  author={Gemulla, Rainer and Nijkamp, Erik and Haas, Peter J and Sismanis, Yannis},
  booktitle={Proceedings of the 17th ACM SIGKDD international conference on Knowledge discovery and data mining},
  pages={69--77},
  year={2011},
  organization={ACM}
}

@inproceedings{jaggi2010simple,
  title={A simple algorithm for nuclear norm regularized problems},
  author={Jaggi, Martin and Sulovsk, Marek and others},
  booktitle={Proceedings of the 27th International Conference on Machine Learning (ICML-10)},
  pages={471--478},
  year={2010}
}

@inproceedings{bell2007modeling,
  title={Modeling relationships at multiple scales to improve accuracy of large recommender systems},
  author={Bell, Robert and Koren, Yehuda and Volinsky, Chris},
  booktitle={Proceedings of the 13th ACM SIGKDD international conference on Knowledge discovery and data mining},
  pages={95--104},
  year={2007},
  organization={ACM}
}

@article{sill2009feature,
  title={Feature-weighted linear stacking},
  author={Sill, Joseph and Tak{\'a}cs, G{\'a}bor and Mackey, Lester and Lin, David},
  journal={arXiv preprint arXiv:0911.0460},
  year={2009}
}

@inproceedings{salakhutdinov2007restricted,
  title={Restricted Boltzmann machines for collaborative filtering},
  author={Salakhutdinov, Ruslan and Mnih, Andriy and Hinton, Geoffrey},
  booktitle={Proceedings of the 24th international conference on Machine learning},
  pages={791--798},
  year={2007},
  organization={ACM}
}